<record><leader>00000cas a22000007a 4500</leader><controlfield tag="001">16639967</controlfield><controlfield tag="008">870903d19871991azuwr ne      0   a0eng d</controlfield><datafield ind1=" " ind2=" " tag="010"><subfield code="a">sn 87002534 </subfield></datafield><datafield ind1=" " ind2=" " tag="040"><subfield code="a">NSD</subfield><subfield code="b">eng</subfield><subfield code="c">NSD</subfield><subfield code="d">YOX</subfield><subfield code="d">NSD</subfield><subfield code="d">ANN</subfield><subfield code="d">OCLCQ</subfield><subfield code="d">OCLCF</subfield><subfield code="d">OCLCO</subfield></datafield><datafield ind1=" " ind2=" " tag="012"><subfield code="j">0</subfield><subfield code="m">d</subfield></datafield><datafield ind1="1" ind2=" " tag="022"><subfield code="a">0895-4240</subfield><subfield code="l">0895-4240</subfield><subfield code="2">1</subfield></datafield><datafield ind1="1" ind2=" " tag="029"><subfield code="a">AU@</subfield><subfield code="b">000020490963</subfield></datafield><datafield ind1=" " ind2=" " tag="037"><subfield code="b">Bisbee Gazette, Copper Queen Plaza, P.O. Drawer 48, Bisbee, AZ 85603</subfield></datafield><datafield ind1=" " ind2=" " tag="042"><subfield code="a">nsdp</subfield></datafield><datafield ind1=" " ind2=" " tag="043"><subfield code="a">n-us-az</subfield></datafield><datafield ind1=" " ind2="0" tag="222"><subfield code="a">Bisbee gazette</subfield></datafield><datafield ind1="0" ind2="0" tag="245"><subfield code="a">Bisbee gazette.</subfield></datafield><datafield ind1="1" ind2=" " tag="246"><subfield code="i">Includes section:</subfield><subfield code="a">Tombstone tumbleweed</subfield><subfield code="f">1987-1988</subfield></datafield><datafield ind1=" " ind2=" " tag="260"><subfield code="a">Bisbee, Ariz. :</subfield><subfield code="b">Copper Queen Pub. Co.,</subfield><subfield code="c">1987-1991.</subfield></datafield><datafield ind1=" " ind2=" " tag="300"><subfield code="a">v.</subfield></datafield><datafield ind1=" " ind2=" " tag="310"><subfield code="a">Weekly,</subfield><subfield code="b">Aug. 3, 1988-Aug. 28, 199l</subfield></datafield><datafield ind1=" " ind2=" " tag="321"><subfield code="a">Semiweekly,</subfield><subfield code="b">July 29, 1987-July 29, 1988</subfield></datafield><datafield ind1="0" ind2=" " tag="362"><subfield code="a">Vol. 55, no. 31 (Wednesday, July 29, 1987).</subfield></datafield><datafield ind1="1" ind2=" " tag="362"><subfield code="a">Ceased Aug. 28, 1991.</subfield></datafield><datafield ind1=" " ind2=" " tag="500"><subfield code="a">Includes the "Tombstone Tumbleweed" supplement, Sept. 18, 1987-May 11, 1988.</subfield></datafield><datafield ind1=" " ind2="0" tag="651"><subfield code="a">Bisbee (Ariz.)</subfield><subfield code="v">Newspapers.</subfield></datafield><datafield ind1=" " ind2="0" tag="651"><subfield code="a">Tombstone (Ariz.)</subfield><subfield code="v">Newspapers.</subfield></datafield><datafield ind1=" " ind2="7" tag="655"><subfield code="a">Newspapers.</subfield><subfield code="2">fast</subfield><subfield code="0">(OCoLC)fst01423814</subfield></datafield><datafield ind1=" " ind2="7" tag="651"><subfield code="a">Arizona</subfield><subfield code="z">Bisbee.</subfield><subfield code="2">fast</subfield><subfield code="0">(OCoLC)fst01210919</subfield></datafield><datafield ind1=" " ind2="7" tag="651"><subfield code="a">Arizona</subfield><subfield code="z">Tombstone.</subfield><subfield code="2">fast</subfield><subfield code="0">(OCoLC)fst01212318</subfield></datafield><datafield ind1=" " ind2=" " tag="752"><subfield code="a">United States</subfield><subfield code="b">Arizona</subfield><subfield code="c">Cochise</subfield><subfield code="d">Bisbee.</subfield></datafield><datafield ind1="0" ind2="0" tag="780"><subfield code="t">Brewery Gulch gazette (Bisbee, Ariz. : 1931)</subfield><subfield code="w">(DLC)sn 89070012</subfield><subfield code="w">(OCoLC)16878339</subfield></datafield><datafield ind1="0" ind2="0" tag="785"><subfield code="t">Brewery Gulch gazette (Bisbee, Ariz. : 1991)</subfield><subfield code="x">1060-0256</subfield><subfield code="w">(DLC)sn 91003790</subfield><subfield code="w">(OCoLC)24849517</subfield></datafield></record>